
:20:STARTUMS
:25:010017680006
:28:00078
:NS:22 Hans Muster AG
23Muster-Geschäftskonto
3000000778
315007604
32000
:60F:C130426CHF000000000505,25
:61:1304260426D000000000001,00FMSCNONREF
:NS:01Vergütung Inland / 415195982
02FR  ESR KONTR/NICHT LOESCHEN
03HANS MUSTER
046002 LUZERN
05
06
07
08
09
10
11
12
13
14
15
16
17Vergütung Inland / 415195982
18872370799
190000
:61:1304260426C000000000001,00FMSCNONREF
:NS:01CHF/20130426
02Gutschrift / 415233575
0304 03290 00000 00000 00000 03186
04
05
06
07
08
09
10
11
12
13
14
15
16
17Sammelgutschrift / 415512365
18873284104
190000
:61:1304290429D000000000001,00FMSCNONREF
:NS:01Vergütung Inland / 415736492
02MO   ESR KONTR/NICHT LOESCHEN
03HANS MUSTER
046002 LUZERN
05
06
07
08
09
10
11
12
13
14
15
16
17Vergütung Inland / 415736492
18873836566
190000
:61:1304290429C000000000001,00FMSCNONREF
:NS:01CHF/20130429
02Gutschrift / 415802087
0304 03290 00000 00000 00000 03186
04
05
06
07
08
09
10
11
12
13
14
15
16
17Sammelgutschrift / 416022038
18874725615
190000
:61:1304220430D000000000500,00FMSCNONREF
:NS:01Vergütung Inland / 416673547
02Sergio Cruz
03Horwerstrasse 18
046010 Kriens
05- - Info - -
06Rückleitung der Zahlung
07vom 22.04.2013
08an Hans Muster AG
09
10
11
12
13
14
15
16
17Vergütung Inland / 416673547
18876301908
190000
:61:1305030503D000000000001,00FMSCNONREF
:NS:01Vergütung Inland / 417519564
02FR  ESR KONTR/NICHT LOESCHEN
03HANS MUSTER
046002 LUZERN
05
06
07
08
09
10
11
12
13
14
15
16
17Vergütung Inland / 417519564
18878323764
190000
:61:1305030503C000000000001,00FMSCNONREF
:NS:01CHF/20130503
02Gutschrift / 417538599
0304 03290 00000 00000 00000 03186
04
05
06
07
08
09
10
11
12
13
14
15
16
17Sammelgutschrift / 417716523
18878980765
190000
:61:1305100510D000000000001,00FMSCNONREF
:NS:01Vergütung Inland / 418662407
02FR  ESR KONTR/NICHT LOESCHEN
03HANS MUSTER
046002 LUZERN
05
06
07
08
09
10
11
12
13
14
15
16
17Vergütung Inland / 418662407
18881413313
190000
:61:1305100510D000000000001,00FMSCNONREF
:NS:01Vergütung Inland / 418708333
02MO   ESR KONTR/NICHT LOESCHEN
03HANS MUSTER
046002 LUZERN
05
06
07
08
09
10
11
12
13
14
15
16
17Vergütung Inland / 418708333
18881546849
190000
:61:1305100510C000000000002,00FMSCNONREF
:NS:01CHF/20130510
02Anzahl Positionen: 2
03
04
05
06
07
08
09
10
11
12
13
14
15
16
17Sammelgutschrift / 418829909
18881737278
190000
:61:1305130513C000000000000,10FMSCNONREF
:NS:01Gutschrift / 418976650
02Hans Muster AG
03Pilatusstrasse 12
046003 Luzern
05- - Info - -
06TEST 2 KFA
07
08
09
10
11
12
13
14
15
16
17Gutschrift / 418976650
18882055542
190000
:61:1305130513C000000000000,20FMSCNONREF
:NS:01Gutschrift / 418976731
02Hans Muster AG
03Pilatusstrasse 12
046003 Luzern
05- - Info - -
06TEST KFA
07
08
09
10
11
12
13
14
15
16
17Gutschrift / 418976731
18882055741
190000
:61:1305170517D000000000002,00FMSCNONREF
:NS:012013-05-1743194197c
02Anzahl Positionen: 2
03
04
05
06
07
08
09
10
11
12
13
14
15
16
17Sammelbelastung / 419718025
18883948438
190000
:61:1305170517C000000000002,00FMSCNONREF
:NS:01CHF/20130517
02Anzahl Positionen: 2
03
04
05
06
07
08
09
10
11
12
13
14
15
16
17Sammelgutschrift / 419914457
18884400578
190000
:61:1405050505D000000000001,00FMSCNONREF
:NS:01Vergütung Inland / 507380257
02MO GK   / NICHT LOESCHEN
03HANS MUSTER
046002 LUZERN
05
06
07
08
09
10
11
12
13
14
15
16
17Vergütung Inland / 507380257
181072852724
190000
:61:1405050505C000000000001,00FMSCNONREF
:NS:01CHF/20140505
02Gutschrift / 507413238
0304 03290 00000 00000 00000 00004
04
05
06
07
08
09
10
11
12
13
14
15
16
17Sammelgutschrift / 507600784
181073612889
190000
:61:1405060506D000000000001,00FMSCNONREF
:NS:01Vergütung Inland / 507633473
02DI GK   / NICHT LOESCHEN
03HANS MUSTER
046002 LUZERN
05
06
07
08
09
10
11
12
13
14
15
16
17Vergütung Inland / 507633473
181073684381
190000
:62F:C140506CHF000000000004,55
